<?xml version="1.0" encoding="utf-8"?>
<record xmlns="http://www.loc.gov/MARC21/slim" xmlns:xsi="http://www.w3.org/2001/XMLSchema-instance" xsi:schemaLocation="http://www.loc.gov/MARC21/slim http://www.loc.gov/standards/marcxml/schema/MARC21slim.xsd">
	<leader>     nam a22        4500</leader>
	<controlfield tag="001">b12899653</controlfield>
	<controlfield tag="003">LeBAU</controlfield>
	<controlfield tag="006">m        d        </controlfield>
	<controlfield tag="007">cr cn |||m|||a</controlfield>
	<controlfield tag="008">180126s1915    le ab   ob    ||0 0 ara d</controlfield>
	<datafield ind1=" " ind2=" " tag="040">
		<subfield code="a">NNU</subfield>
		<subfield code="b">ara</subfield>
		<subfield code="e">rda</subfield>
		<subfield code="c">NNU</subfield>
	</datafield>
	<datafield ind1="0" ind2="4" tag="082">
		<subfield code="a">892.709</subfield>
		<subfield code="2">22</subfield>
	</datafield>
	<datafield ind1="1" ind2=" " tag="100">
		<subfield code="6">880-01</subfield>
		<subfield code="a">Maqdisī, Anīs,</subfield>
		<subfield code="e">author.</subfield>
	</datafield>
	<datafield ind1="1" ind2="0" tag="245">
		<subfield code="6">880-02</subfield>
		<subfield code="a">al-Duwal al-‘Arabīyah wa-ādābuhā :</subfield>
		<subfield code="b">kitāb madrasī ḥadīth yatanāwal tārīkh al-duwal al-‘Arabīyah wa-mā nasha’a fīhā min al-ādāb wa-fīhi tarājim ashhar al-shu‘arā’ wa-al-katabah wa-amthilah min ajwad mā ruwiya lahum /</subfield>
		<subfield code="c">li-mu’allifihi Anīs al-Khūrī al-Maqdisī M. ‘A.</subfield>
	</datafield>
	<datafield ind1=" " ind2="1" tag="264">
		<subfield code="6">880-03</subfield>
		<subfield code="a">Bayrūt :</subfield>
		<subfield code="b">al-Maṭba‘ah al-Adabīyah,</subfield>
		<subfield code="c">1915.</subfield>
	</datafield>
	<datafield ind1=" " ind2=" " tag="300">
		<subfield code="6">880-04</subfield>
		<subfield code="a">online resource (184 pages) :</subfield>
		<subfield code="b">illustrations, map</subfield>
	</datafield>
	<datafield ind1=" " ind2=" " tag="336">
		<subfield code="a">text</subfield>
		<subfield code="2">rdacontent</subfield>
	</datafield>
	<datafield ind1=" " ind2=" " tag="337">
		<subfield code="a">computer</subfield>
		<subfield code="2">rdamedia</subfield>
	</datafield>
	<datafield ind1=" " ind2=" " tag="338">
		<subfield code="a">online resource</subfield>
		<subfield code="2">rdacarrier</subfield>
	</datafield>
	<datafield ind1=" " ind2=" " tag="500">
		<subfield code="a">Part of the Arabic Collections Online (ACO) project, contributed by American University of Beirut's Jafet Memorial Library.</subfield>
	</datafield>
	<datafield ind1=" " ind2=" " tag="504">
		<subfield code="a">يتضمن مراجع ببليوغرافية.</subfield>
	</datafield>
	<datafield ind1=" " ind2=" " tag="533">
		<subfield code="a">Electronic reproduction.</subfield>
		<subfield code="b">New York, N.Y. :</subfield>
		<subfield code="c">New York University,</subfield>
		<subfield code="d">2018.</subfield>
		<subfield code="5">NNU</subfield>
	</datafield>
	<datafield ind1=" " ind2="4" tag="650">
		<subfield code="a">الادب العربي</subfield>
		<subfield code="x">تاريخ ونقد.</subfield>
	</datafield>
	<datafield ind1=" " ind2="4" tag="650">
		<subfield code="a">الأدباء العرب</subfield>
		<subfield code="v">تراجم.</subfield>
	</datafield>
	<datafield ind1=" " ind2="0" tag="650">
		<subfield code="a">Arabic literature</subfield>
		<subfield code="x">History and criticism.</subfield>
	</datafield>
	<datafield ind1=" " ind2="0" tag="650">
		<subfield code="a">Litterateurs, Arab</subfield>
		<subfield code="v">Biography.</subfield>
	</datafield>
	<datafield ind1=" " ind2="4" tag="651">
		<subfield code="a">البلدان العربية</subfield>
		<subfield code="x">تاريخ.</subfield>
	</datafield>
	<datafield ind1=" " ind2="0" tag="651">
		<subfield code="a">Arab countries</subfield>
		<subfield code="x">History.</subfield>
	</datafield>
	<datafield ind1="2" ind2=" " tag="710">
		<subfield code="a">Jafet Memorial Library.</subfield>
	</datafield>
	<datafield ind1="0" ind2=" " tag="730">
		<subfield code="a">Arabic Collections Online.</subfield>
	</datafield>
	<datafield ind1="0" ind2=" " tag="775">
		<subfield code="6">880-05</subfield>
		<subfield code="t">al-Duwal al-‘Arabīyah wa-ādābuhā: kitāb madrasī ḥadīth yatanāwal tārīkh al-duwal al-‘Arabīyah wa-mā nasha’a fīhā min al-ādāb wa-fīhi tarājim ashhar al-shu‘arā’ wa-al-katabah wa-amthilah min ajwad mā ruwiya lahum.</subfield>
		<subfield code="b">al-Ṭab‘ah al-thālithah</subfield>
		<subfield code="d">Bayrūt : al-Maṭba‘ah al-Adabīyah, 1924</subfield>
		<subfield code="w">(OCoLC)784389793</subfield>
		<subfield code="w">(OCoLC)784389793</subfield>
	</datafield>
	<datafield ind1="0" ind2=" " tag="775">
		<subfield code="6">880-06</subfield>
		<subfield code="t">al-Duwal al-‘Arabīyah wa-ādābuhā :</subfield>
		<subfield code="b">al-Ṭab‘ah al-sādisah</subfield>
		<subfield code="d">Bayrūt : al-Maṭba‘ah al-Amīrikānīyah, 1939</subfield>
		<subfield code="w">(OCoLC)784526509</subfield>
		<subfield code="w">(OCoLC)784526509</subfield>
	</datafield>
	<datafield ind1="0" ind2="8" tag="776">
		<subfield code="i">Print version:</subfield>
		<subfield code="a">Maqdisī, Anīs, author.</subfield>
		<subfield code="t">al-Duwal al-‘Arabīyah wa-ādābuhā</subfield>
		<subfield code="w">(LeBAU)b12899653</subfield>
	</datafield>
	<datafield ind1="4" ind2="0" tag="856">
		<subfield code="u">http://hdl.handle.net/2333.1/15dv471f</subfield>
	</datafield>
	<datafield ind1="1" ind2=" " tag="880">
		<subfield code="6">100-01/(3/r</subfield>
		<subfield code="a">المقدسي، انيس،</subfield>
		<subfield code="e">مؤلف. </subfield>
		<subfield code="4">aut.</subfield>
	</datafield>
	<datafield ind1="1" ind2="3" tag="880">
		<subfield code="6">245-02/(3/r</subfield>
		<subfield code="a">الدول العربية وآدابها :</subfield>
		<subfield code="b">كتاب مدرسي حديث يتناول تاريخ الدول العربية وما نشأ فيها من الآداب وفيه تراجم أشهر الشعراء و الكتبة وأمثلة من اجود ما روي لهم /</subfield>
		<subfield code="c">لمؤلفه أنيس الخوري المقدسي م. ع.</subfield>
	</datafield>
	<datafield ind1=" " ind2="1" tag="880">
		<subfield code="6">264-03/(3/r</subfield>
		<subfield code="a">بيروت :</subfield>
		<subfield code="b">المطبعة الأدبية،</subfield>
		<subfield code="c">1915.</subfield>
	</datafield>
	<datafield ind1=" " ind2=" " tag="880">
		<subfield code="6">300-04/(3/r</subfield>
		<subfield code="a">184 صفحة :</subfield>
		<subfield code="b">مصورات، خريطة ؛</subfield>
		<subfield code="c">21 سم</subfield>
	</datafield>
	<datafield ind1="0" ind2=" " tag="880">
		<subfield code="6">775-05/(3/r</subfield>
		<subfield code="t">الدول العربية وآدابها: كتاب مدرسي حديث يتناول تاريخ الدول العربية وما نشأ فيها من الآداب وفيه تراجم أشهر الشعراء و الكتبة وأمثلة من أجود ما روي لهم.</subfield>
		<subfield code="b">الطبعة الثاثة</subfield>
		<subfield code="d">بيروت : المطبعة الأدبية، 1924</subfield>
		<subfield code="w">b12530268</subfield>
		<subfield code="w">(OCoLC)784389793</subfield>
	</datafield>
	<datafield ind1="0" ind2=" " tag="880">
		<subfield code="6">775-06/(3/r</subfield>
		<subfield code="t">الدول العربية وآدابها : موجز في تاريخ الأدب يتناول أخبار الدول العربية وما نشأ فيها من الآداب وفيه تراجم أشهر الشعراء والكتبة وأمثلة من أجود ما روي لهم.</subfield>
		<subfield code="b">mūjaz fī tārīkh al-adab yatanāwal akhbār al-duwal al-‘Arabīyah wa-mā nasha’a fīhā min al-ādāb wa-fīhi tarājim ashhar al-shu‘arā’ wa-al-katabah wa-amthilah min ajwad mā ruwiya lahum.</subfield>
		<subfield code="b">al-Ṭab‘ah al-sādisah</subfield>
		<subfield code="d">بيروت : المطبعة الأميركانية، 1939</subfield>
		<subfield code="w">b1289963x</subfield>
		<subfield code="w">(OCoLC)784526509</subfield>
	</datafield>
	<datafield ind1=" " ind2=" " tag="959">
		<subfield code="a">NNU</subfield>
		<subfield code="b">WEB</subfield>
		<subfield code="c">GENI</subfield>
		<subfield code="t">0</subfield>
		<subfield code="m">Electronic access</subfield>
		<subfield code="s">01</subfield>
	</datafield>
	<datafield ind1=" " ind2=" " tag="999">
		<subfield code="i">LeBAU_b12899653</subfield>
		<subfield code="s">aub_aco001642</subfield>
		<subfield code="e">(ERROR-MISC)</subfield>
	</datafield>
</record>
